<?xml version="1.0" encoding="UTF-8"?>
<Document xmlns="urn:iso:std:iso:20022:tech:xsd:camt.053.001.02"
    xmlns:xsi="http://www.w3.org/2001/XMLSchema-instance" xsi:schemaLocation="urn:iso:std:iso:20022:tech:xsd:camt.053.001.02 camt.053.001.02.xsd">
    <BkToCstmrStmt>
        <GrpHdr>
            <MsgId>20260128101423000</MsgId>
            <CreDtTm>2026-01-28T10:14:23.317+02:00</CreDtTm>
        </GrpHdr>
        <Stmt>
            <Id>20260128101423000EUR</Id>
            <ElctrncSeqNb>1</ElctrncSeqNb>
            <CreDtTm>2026-01-28T10:14:23.317+02:00</CreDtTm>
            <FrToDt>
                <FrDtTm>2025-11-01T00:00:00.000+02:00</FrDtTm>
                <ToDtTm>2025-12-31T23:59:59.000+02:00</ToDtTm>
            </FrToDt>
            <Acct>
                <Id>
                    <IBAN>GB33BUKB20201555555555</IBAN>
                </Id>
                <Ccy>EUR</Ccy>
                <Ownr>
                    <Nm>Test Organization</Nm>
                    <Id>
                        <OrgId>
                            <Othr>
                                <Id>12345678</Id>
                            </Othr>
                        </OrgId>
                    </Id>
                </Ownr>
                <Svcr>
                    <FinInstnId>
                        <BIC>TESTEE2X</BIC>
                        <Nm>Test Bank AS</Nm>
                        <PstlAdr>
                            <AdrTp>BIZZ</AdrTp>
                            <StrtNm>Test Street</StrtNm>
                            <BldgNb>1</BldgNb>
                            <PstCd>10000</PstCd>
                            <TwnNm>Test City</TwnNm>
                            <CtrySubDvsn>Test County</CtrySubDvsn>
                            <Ctry>EE</Ctry>
                        </PstlAdr>
                    </FinInstnId>
                </Svcr>
            </Acct>
            <Bal>
                <Tp>
                    <CdOrPrtry>
                        <Cd>OPBD</Cd>
                    </CdOrPrtry>
                </Tp>
                <Amt Ccy="EUR">2609.13</Amt>
                <CdtDbtInd>CRDT</CdtDbtInd>
                <Dt>
                    <Dt>2025-11-01</Dt>
                </Dt>
            </Bal>
            <Bal>
                <Tp>
                    <CdOrPrtry>
                        <Cd>CLBD</Cd>
                    </CdOrPrtry>
                </Tp>
                <Amt Ccy="EUR">2709.13</Amt>
                <CdtDbtInd>CRDT</CdtDbtInd>
                <Dt>
                    <Dt>2025-12-31</Dt>
                </Dt>
            </Bal>
            <TxsSummry>
                <TtlCdtNtries>
                    <NbOfNtries>1</NbOfNtries>
                    <Sum>100.00</Sum>
                </TtlCdtNtries>
                <TtlDbtNtries>
                    <NbOfNtries>0</NbOfNtries>
                    <Sum>0.00</Sum>
                </TtlDbtNtries>
            </TxsSummry>
            <Ntry>
                <NtryRef>17</NtryRef>
                <Amt Ccy="EUR">100.00</Amt>
                <CdtDbtInd>CRDT</CdtDbtInd>
                <Sts>BOOK</Sts>
                <BookgDt>
                    <Dt>2025-11-24</Dt>
                </BookgDt>
                <AcctSvcrRef>ANONREF1-111111112</AcctSvcrRef>
                <BkTxCd>
                    <Domn>
                        <Cd>PMNT</Cd>
                        <Fmly>
                            <Cd>RCDT</Cd>
                            <SubFmlyCd>ESCT</SubFmlyCd>
                        </Fmly>
                    </Domn>
                </BkTxCd>
                <NtryDtls>
                    <TxDtls>
                        <Refs>
                            <AcctSvcrRef>ANONREF1-111111112</AcctSvcrRef>
                            <TxId>ANONREF1</TxId>
                        </Refs>
                        <AmtDtls>
                            <TxAmt>
                                <Amt Ccy="EUR">100.00</Amt>
                            </TxAmt>
                        </AmtDtls>
                        <RltdPties>
                            <Dbtr>
                                <Nm>Mati Karu</Nm>
                                <Id>
                                    <PrvtId>
                                        <Othr>
                                            <Id>60109234794</Id>
                                            <SchmeNm>
                                                <Cd>NIDN</Cd>
                                            </SchmeNm>
                                        </Othr>
                                    </PrvtId>
                                </Id>
                            </Dbtr>
                            <DbtrAcct>
                                <Id>
                                    <IBAN>GB94BARC10201530093459</IBAN>
                                </Id>
                            </DbtrAcct>
                        </RltdPties>
                        <RltdAgts>
                            <DbtrAgt>
                                <FinInstnId>
                                    <BIC>ANONFEE2</BIC>
                                    <PstlAdr>
                                        <Ctry>EE</Ctry>
                                    </PstlAdr>
                                </FinInstnId>
                            </DbtrAgt>
                        </RltdAgts>
                        <RmtInf>
                            <Ustrd>Donation</Ustrd>
                            <Strd>
                                <CdtrRefInf>
                                    <Tp>
                                        <CdOrPrtry>
                                            <Cd>SCOR</Cd>
                                        </CdOrPrtry>
                                    </Tp>
                                    <Ref>11223344556677</Ref>
                                </CdtrRefInf>
                            </Strd>
                        </RmtInf>
                    </TxDtls>
                </NtryDtls>
            </Ntry>
        </Stmt>
    </BkToCstmrStmt>
</Document>
